@inproceedings{Xue2016Avi1,
    author = {Yexiang Xue and Ian Davies and Daniel Fink and Christopher Wood and Carla P. Gomes},
    title = {Avicaching: A Two Stage Game for Bias Reduction in Citizen Science},
    booktitle = {Proceedings of the 2016 International Conference on Autonomous Agents \& Multiagent Systems},
    series = {AAMAS '16},
    year = {2016},
    isbn = {978-1-4503-4239-1},
    location = {Singapore, Singapore},
    pages = {776--785},
    numpages = {10},
    url = {http://dl.acm.org/citation.cfm?id=2936924.2937038},
    acmid = {2937038},
    publisher = {International Foundation for Autonomous Agents and Multiagent Systems},
    address = {Richland, SC},
    keywords = {bilevel optimization, citizen science, structural svm, two-stage game},
} 

@inproceedings{Xue2016Avi2,
    author    = {Yexiang Xue and Ian Davies and
    Daniel Fink and Christopher Wood and Carla P. Gomes},
    title     = {Behavior Identification in Two-Stage Games for Incentivizing Citizen
    Science Exploration},
    booktitle = {Principles and Practice of Constraint Programming - 22nd International
    Conference, {CP} 2016, Toulouse, France, September 5-9, 2016, Proceedings},
    pages     = {701--717},
    year      = {2016},
    crossref  = {DBLP:conf/cp/2016},
    url       = {https://doi.org/10.1007/978-3-319-44953-1_44},
    doi       = {10.1007/978-3-319-44953-1_44},
    timestamp = {Wed, 17 May 2017 14:24:33 +0200},
    biburl    = {http://dblp.uni-trier.de/rec/bib/conf/cp/XueDFWG16},
    bibsource = {dblp computer science bibliography, http://dblp.org}
}

@article{SIMION20121870,
title = "{Speeding up Spatial Database Query Execution using GPUs}",
journal = "Procedia Computer Science",
volume = "9",
number = "",
pages = "1870 - 1879",
year = "2012",
note = "Proceedings of the International Conference on Computational Science, ICCS 2012",
issn = "1877-0509",
doi = "http://dx.doi.org/10.1016/j.procs.2012.04.205",
url = "http://www.sciencedirect.com/science/article/pii/S1877050912003262",
author = "Bogdan Simion and Suprio Ray and Angela Demke Brown",
keywords = "Spatial databases",
keywords = "Parallel query execution",
keywords = "GPU processing"
}